@article{abdelsayedAIDrivenPolypharmacologySmallMolecule2025,
  title = {{{AI-Driven Polypharmacology}} in {{Small-Molecule Drug Discovery}}},
  author = {Abdelsayed, Mena},
  date = {2025-07-21},
  journaltitle = {International Journal of Molecular Sciences},
  shortjournal = {IJMS},
  volume = {26},
  number = {14},
  pages = {6996},
  issn = {1422-0067},
  doi = {10.3390/ijms26146996},
  url = {https://www.mdpi.com/1422-0067/26/14/6996},
  urldate = {2025-08-25},
  langid = {english}
}

@article{aiMTMolGPTNovoMultitarget2024,
  title = {{{MTMol-GPT}}: {{De}} Novo Multi-Target Molecular Generation with Transformer-Based Generative Adversarial Imitation Learning},
  shorttitle = {{{MTMol-GPT}}},
  author = {Ai, Chengwei and Yang, Hongpeng and Liu, Xiaoyi and Dong, Ruihan and Ding, Yijie and Guo, Fei},
  editor = {Xie, Lei},
  date = {2024-06-26},
  journaltitle = {PLOS Computational Biology},
  shortjournal = {PLoS Comput Biol},
  volume = {20},
  number = {6},
  pages = {e1012229},
  issn = {1553-7358},
  doi = {10.1371/journal.pcbi.1012229},
  url = {https://dx.plos.org/10.1371/journal.pcbi.1012229},
  urldate = {2025-08-25},
  langid = {english}
}

@online{cerveiraEvaluationFrameworkAIdriven2024,
  title = {Evaluation {{Framework}} for {{AI-driven Molecular Design}} of {{Multi-target Drugs}}: {{Brain Diseases}} as a {{Case Study}}},
  shorttitle = {Evaluation {{Framework}} for {{AI-driven Molecular Design}} of {{Multi-target Drugs}}},
  author = {Cerveira, Arthur and Kremer, Frederico and Lourenço, Darling de Andrade and Corrêa, Ulisses B.},
  date = {2024-08-20},
  eprint = {2408.10482},
  eprinttype = {arXiv},
  eprintclass = {cs},
  doi = {10.1109/CEC60901.2024.10611839},
  url = {http://arxiv.org/abs/2408.10482},
  urldate = {2025-08-25},
  langid = {english},
  pubstate = {prepublished},
  keywords = {Computer Science - Artificial Intelligence,Computer Science - Neural and Evolutionary Computing}
}

@article{cicirelloEvolutionaryComputationTheories2024,
  title = {Evolutionary {{Computation}}: {{Theories}}, {{Techniques}}, and {{Applications}}},
  shorttitle = {Evolutionary {{Computation}}},
  author = {Cicirello, Vincent A.},
  date = {2024-03-18},
  journaltitle = {Applied Sciences},
  shortjournal = {Applied Sciences},
  volume = {14},
  number = {6},
  pages = {2542},
  issn = {2076-3417},
  doi = {10.3390/app14062542},
  url = {https://www.mdpi.com/2076-3417/14/6/2542},
  urldate = {2025-08-25},
  langid = {english}
}

@article{debFastElitistMultiobjective2002,
  title = {A Fast and Elitist Multiobjective Genetic Algorithm: {{NSGA-II}}},
  shorttitle = {A Fast and Elitist Multiobjective Genetic Algorithm},
  author = {Deb, K. and Pratap, A. and Agarwal, S. and Meyarivan, T.},
  date = {2002-04},
  journaltitle = {IEEE Transactions on Evolutionary Computation},
  shortjournal = {IEEE Trans. Evol. Computat.},
  volume = {6},
  number = {2},
  pages = {182--197},
  issn = {1089778X},
  doi = {10.1109/4235.996017},
  url = {http://ieeexplore.ieee.org/document/996017/},
  urldate = {2025-08-25},
  langid = {english}
}

@article{fangAcceleratingMultiobjectiveOptimization2025,
  title = {Accelerating Multi-Objective Optimization of Concrete Thin Shell Structures Using Graph-Constrained {{GANs}} and {{NSGA-II}}},
  author = {Fang, Zhichun and Wang, Xiuhong and Sun, Yuyong and Adibhashimi, M. A.},
  date = {2025-05-08},
  journaltitle = {Scientific Reports},
  shortjournal = {Sci Rep},
  volume = {15},
  number = {1},
  pages = {16090},
  issn = {2045-2322},
  doi = {10.1038/s41598-025-00017-2},
  url = {https://www.nature.com/articles/s41598-025-00017-2},
  urldate = {2025-08-25},
  langid = {english}
}

@online{huangEvoXDistributedGPUaccelerated2024,
  title = {{{EvoX}}: {{A Distributed GPU-accelerated Framework}} for {{Scalable Evolutionary Computation}}},
  shorttitle = {{{EvoX}}},
  author = {Huang, Beichen and Cheng, Ran and Li, Zhuozhao and Jin, Yaochu and Tan, Kay Chen},
  date = {2024-04-14},
  eprint = {2301.12457},
  eprinttype = {arXiv},
  eprintclass = {cs},
  doi = {10.48550/arXiv.2301.12457},
  url = {http://arxiv.org/abs/2301.12457},
  urldate = {2025-08-25},
  langid = {english},
  pubstate = {prepublished},
  keywords = {Computer Science - Neural and Evolutionary Computing}
}

@article{kadanGuidedMultiobjectiveGenerative2025,
  title = {Guided Multi-Objective Generative {{AI}} to Enhance Structure-Based Drug Design},
  author = {Kadan, Amit and Ryczko, Kevin and Lloyd, Erika and Roitberg, Adrian and Yamazaki, Takeshi},
  date = {2025},
  journaltitle = {Chemical Science},
  shortjournal = {Chem. Sci.},
  volume = {16},
  number = {29},
  pages = {13196--13210},
  issn = {2041-6520, 2041-6539},
  doi = {10.1039/D5SC01778E},
  url = {https://xlink.rsc.org/?DOI=D5SC01778E},
  urldate = {2025-08-25},
  langid = {english}
}

@article{khaterGenerativeArtificialIntelligence2025,
  title = {Generative Artificial Intelligence Based Models Optimization towards Molecule Design Enhancement},
  author = {Khater, Tarek and Alkhatib, Sara Awni and AlShehhi, Aamna and Pitsalidis, Charalampos and Pappa, Anna Maria and Ngo, Son Tung and Chan, Vincent and Truong, Vi Khanh},
  date = {2025-08-04},
  journaltitle = {Journal of Cheminformatics},
  shortjournal = {J Cheminform},
  volume = {17},
  number = {1},
  pages = {116},
  issn = {1758-2946},
  doi = {10.1186/s13321-025-01059-4},
  url = {https://jcheminf.biomedcentral.com/articles/10.1186/s13321-025-01059-4},
  urldate = {2025-08-25},
  langid = {english}
}

@online{meyersFragGTFragmentbasedEvolutionary2024,
  title = {{{FragGT}}: {{Fragment-based}} Evolutionary Molecule Generation with Gene Types},
  shorttitle = {{{FragGT}}},
  author = {Meyers, Joshua and Brown, Nathan},
  date = {2024-02-19},
  eprinttype = {Chemistry},
  doi = {10.26434/chemrxiv-2024-p484n},
  url = {https://chemrxiv.org/engage/chemrxiv/article-details/65cf28f266c1381729c70206},
  urldate = {2025-08-25},
  langid = {english},
  pubstate = {prepublished}
}

@article{qingfuzhangMOEAMultiobjectiveEvolutionary2007,
  title = {{{MOEA}}/{{D}}: {{A Multiobjective Evolutionary Algorithm Based}} on {{Decomposition}}},
  shorttitle = {{{MOEA}}/{{D}}},
  author = {{Qingfu Zhang} and {Hui Li}},
  date = {2007-12},
  journaltitle = {IEEE Transactions on Evolutionary Computation},
  shortjournal = {IEEE Trans. Evol. Computat.},
  volume = {11},
  number = {6},
  pages = {712--731},
  issn = {1941-0026, 1089-778X},
  doi = {10.1109/TEVC.2007.892759},
  url = {http://ieeexplore.ieee.org/document/4358754/},
  urldate = {2025-08-25},
  langid = {english}
}

@article{tianCoevolutionaryFrameworkConstrained2021,
  title = {A {{Coevolutionary Framework}} for {{Constrained Multiobjective Optimization Problems}}},
  author = {Tian, Ye and Zhang, Tao and Xiao, Jianhua and Zhang, Xingyi and Jin, Yaochu},
  date = {2021-02},
  journaltitle = {IEEE Transactions on Evolutionary Computation},
  shortjournal = {IEEE Trans. Evol. Computat.},
  volume = {25},
  number = {1},
  pages = {102--116},
  issn = {1089-778X, 1089-778X, 1941-0026},
  doi = {10.1109/TEVC.2020.3004012},
  url = {https://ieeexplore.ieee.org/document/9122020/},
  urldate = {2025-08-25},
  langid = {english}
}

@article{tranProteinDesignDirected,
  title = {Protein {{Design}} by {{Directed Evolution Guided}} by {{Large Language Models}}},
  author = {Tran, Thanh V T and Hy, Truong Son},
  langid = {english}
}

@online{wangSurveyLargeLanguage2025,
  title = {A {{Survey}} of {{Large Language Models}} for {{Text-Guided Molecular Discovery}}: From {{Molecule Generation}} to {{Optimization}}},
  shorttitle = {A {{Survey}} of {{Large Language Models}} for {{Text-Guided Molecular Discovery}}},
  author = {Wang, Ziqing and Zhang, Kexin and Zhao, Zihan and Wen, Yibo and Pandey, Abhishek and Liu, Han and Ding, Kaize},
  date = {2025-05-22},
  eprint = {2505.16094},
  eprinttype = {arXiv},
  eprintclass = {cs},
  doi = {10.48550/arXiv.2505.16094},
  url = {http://arxiv.org/abs/2505.16094},
  urldate = {2025-08-25},
  langid = {english},
  pubstate = {prepublished},
  keywords = {Computer Science - Computation and Language,Computer Science - Machine Learning}
}

@online{wangWhenLargeLanguage2025,
  title = {When {{Large Language Models Meet Evolutionary Algorithms}}: {{Potential Enhancements}} and {{Challenges}}},
  shorttitle = {When {{Large Language Models Meet Evolutionary Algorithms}}},
  author = {Wang, Chao and Zhao, Jiaxuan and Jiao, Licheng and Li, Lingling and Liu, Fang and Yang, Shuyuan},
  date = {2025-03-07},
  eprint = {2401.10510},
  eprinttype = {arXiv},
  eprintclass = {cs},
  doi = {10.48550/arXiv.2401.10510},
  url = {http://arxiv.org/abs/2401.10510},
  urldate = {2025-08-25},
  langid = {english},
  pubstate = {prepublished},
  keywords = {Computer Science - Artificial Intelligence,Computer Science - Computation and Language,Computer Science - Machine Learning,Computer Science - Neural and Evolutionary Computing}
}

@online{wuEvolutionaryComputationEra2024,
  title = {Evolutionary {{Computation}} in the {{Era}} of {{Large Language Model}}: {{Survey}} and {{Roadmap}}},
  shorttitle = {Evolutionary {{Computation}} in the {{Era}} of {{Large Language Model}}},
  author = {Wu, Xingyu and Wu, Sheng-hao and Wu, Jibin and Feng, Liang and Tan, Kay Chen},
  date = {2024-05-29},
  eprint = {2401.10034},
  eprinttype = {arXiv},
  eprintclass = {cs},
  doi = {10.48550/arXiv.2401.10034},
  url = {http://arxiv.org/abs/2401.10034},
  urldate = {2025-08-25},
  langid = {english},
  pubstate = {prepublished},
  keywords = {Computer Science - Artificial Intelligence,Computer Science - Computation and Language,Computer Science - Neural and Evolutionary Computing}
}

@article{xiaCMOMODeepMultiobjective2025,
  title = {{{CMOMO}}: A Deep Multi-Objective Optimization Framework for Constrained Molecular Multi-Property Optimization},
  shorttitle = {{{CMOMO}}},
  author = {Xia, Xin and Zhang, Yajie and Zeng, Xiangxiang and Zhang, Xingyi and Zheng, Chunhou and Su, Yansen},
  date = {2025-07-02},
  journaltitle = {Briefings in Bioinformatics},
  volume = {26},
  number = {4},
  pages = {bbaf335},
  issn = {1467-5463, 1477-4054},
  doi = {10.1093/bib/bbaf335},
  url = {https://academic.oup.com/bib/article/doi/10.1093/bib/bbaf335/8195924},
  urldate = {2025-08-25},
  langid = {english}
}

@article{xiaEvolutionaryMultiobjectiveMolecule2024,
  title = {Evolutionary {{Multiobjective Molecule Optimization}} in an {{Implicit Chemical Space}}},
  author = {Xia, Xin and Liu, Yiping and Zheng, Chunhou and Zhang, Xingyi and Wu, Qingwen and Gao, Xin and Zeng, Xiangxiang and Su, Yansen},
  date = {2024-07-08},
  journaltitle = {Journal of Chemical Information and Modeling},
  shortjournal = {J. Chem. Inf. Model.},
  volume = {64},
  number = {13},
  pages = {5161--5174},
  issn = {1549-9596, 1549-960X},
  doi = {10.1021/acs.jcim.4c00031},
  url = {https://pubs.acs.org/doi/10.1021/acs.jcim.4c00031},
  urldate = {2025-08-25},
  langid = {english}
}

@article{yooPartWholeAIdriven2025,
  title = {From Part to Whole: {{AI-driven}} Progress in Fragment-Based Drug Discovery},
  shorttitle = {From Part to Whole},
  author = {Yoo, Jinhyeok and Jang, Wonkyeong and Shin, Woong-Hee},
  date = {2025-04},
  journaltitle = {Current Opinion in Structural Biology},
  shortjournal = {Current Opinion in Structural Biology},
  volume = {91},
  pages = {102995},
  issn = {0959440X},
  doi = {10.1016/j.sbi.2025.102995},
  url = {https://linkinghub.elsevier.com/retrieve/pii/S0959440X25000132},
  urldate = {2025-08-25},
  langid = {english}
}

@article{zhangDualStageDualPopulationAlgorithm2025,
  title = {A {{Dual-Stage}} and {{Dual-Population Algorithm Based}} on {{Chemical Reaction Optimization}} for {{Constrained Multi-Objective Optimization}}},
  author = {Zhang, Tianyu and Guo, Xin and Li, Yan and Li, Na and Zheng, Ruochen and Dong, Wenbo and Ding, Weichao},
  date = {2025-08-06},
  journaltitle = {Processes},
  shortjournal = {Processes},
  volume = {13},
  number = {8},
  pages = {2484},
  issn = {2227-9717},
  doi = {10.3390/pr13082484},
  url = {https://www.mdpi.com/2227-9717/13/8/2484},
  urldate = {2025-08-25},
  langid = {english}
}
